@Book{McDowell,
author = {Gayle Laakmann McDowell},
title = {Cracking the Coding Interview: 150 Programming Questions and Solutions},
publisher = {Career Cup},
year = {2013},
address = {CA, USA}
}

@Website{Quizlet, 
author = {Quizlet LLC},
year = {2014},
title = {Quizlet - Simple Free Learning Tools for Students and Teachers},
note = {\url{http://quizlet.com/}}
}

@Website{QuizUp,
author = {Plain Vanilla},
year = {2013},
title = {QuizUp: The Biggest Trivia Game in the World},
note = {\url{http://quizup.com}}
}

@Book{EPI,
author = {Adnan Aziz, Tsung-Hsien Lee, Amit Prakash},
year = {2012},
title = {Elements of Programming Interviews: The Insider's Guide},
publisher = {CreateSpace Independent Publishing Platform}
}

@Website{Github,
note={\url{"https://github.com/rstein66/CS91-Final-Project"}}
}